@book{NielsenChuang,
	author = "Michael A. Nielsen and Isaac L. Chuang",
	title = "Quantum Computation and Quantum Information",
	publisher = "Cambridge University Press",
	year = 2010,
	edition = {10th},
}

@article{Harlow,
	author = "Daniel Harlow",
	Title = "The {Ryu-Takayanagi} {Formula from Quantum Error Correction}",
	journal = "Communications in Mathematical Physics",
	volume = 354,
	pages = "865-912",
	year = 2017
}